<record><leader>00000cas a2200000 a 4500</leader><controlfield tag="001">9775849</controlfield><controlfield tag="008">830804d18221862nyuwr ne      0    0eng c</controlfield><datafield ind1=" " ind2=" " tag="010"><subfield code="a">sn 83031041 </subfield></datafield><datafield ind1=" " ind2=" " tag="040"><subfield code="a">NPU</subfield><subfield code="b">eng</subfield><subfield code="c">NPU</subfield><subfield code="d">NYG</subfield><subfield code="d">NPX</subfield><subfield code="d">NPH</subfield><subfield code="d">NYS</subfield><subfield code="d">CNK</subfield><subfield code="d">MGN</subfield><subfield code="d">FUG</subfield><subfield code="d">OCL</subfield><subfield code="d">NYS</subfield><subfield code="d">OCLCQ</subfield><subfield code="d">OCLCG</subfield><subfield code="d">DLC</subfield><subfield code="d">OCLCQ</subfield><subfield code="d">OCLCF</subfield></datafield><datafield ind1="1" ind2=" " tag="029"><subfield code="a">AU@</subfield><subfield code="b">000020127235</subfield></datafield><datafield ind1=" " ind2=" " tag="042"><subfield code="a">pcc</subfield></datafield><datafield ind1=" " ind2=" " tag="043"><subfield code="a">n-us-ny</subfield></datafield><datafield ind1="0" ind2="0" tag="050"><subfield code="a">Newspaper</subfield></datafield><datafield ind1="0" ind2=" " tag="130"><subfield code="a">Broome Republican (Binghamton, N.Y. : 1822)</subfield></datafield><datafield ind1="1" ind2="0" tag="245"><subfield code="a">Broome Republican.</subfield></datafield><datafield ind1=" " ind2=" " tag="260"><subfield code="a">Binghamton, N.Y. :</subfield><subfield code="b">Morgan &amp; Canoll,</subfield><subfield code="c">-1862.</subfield></datafield><datafield ind1=" " ind2=" " tag="300"><subfield code="a">v. ;</subfield><subfield code="c">52 cm.</subfield></datafield><datafield ind1=" " ind2=" " tag="310"><subfield code="a">Weekly</subfield></datafield><datafield ind1="1" ind2=" " tag="362"><subfield code="a">Began in 1822.</subfield><subfield code="z">Cf. Faibisoff, S.G. Bibl. of newspapers in 14 N.Y. counties.</subfield></datafield><datafield ind1="0" ind2=" " tag="362"><subfield code="a">-v. 41, no. 1 (July 9, 1862).</subfield></datafield><datafield ind1=" " ind2=" " tag="500"><subfield code="a">Publishers: Morgan &amp; Canoll, &lt;1826-1828&gt;; Canoll &amp; Evans, &lt;1831-1835&gt;; Canoll &amp; Cooke, &lt;1835-1837&gt;; B.T. Cooke, &lt;1846&gt;; William Stuart, -1862.</subfield></datafield><datafield ind1=" " ind2=" " tag="500"><subfield code="a">Editors: Augustus Morgan, &lt;1822&gt;; Abial C. Canoll &amp; Edwin T. Evans, 1830-1835; Abial C. Canoll &amp; Benjamin T. Cooke, 1835-1841, William Stuart, -1862.</subfield></datafield><datafield ind1=" " ind2=" " tag="500"><subfield code="a">Whig, &lt;1835-1837&gt;.</subfield></datafield><datafield ind1=" " ind2=" " tag="515"><subfield code="a">Issues for &lt;Apr. 7, 1826&gt; called also &lt;whole no. 1).</subfield></datafield><datafield ind1=" " ind2=" " tag="580"><subfield code="a">Continues: Broome County Republican (non-extant?). Cf. Faibisoff, S.G. Bibl. of newspapers in 14 N.Y. counties.</subfield></datafield><datafield ind1=" " ind2=" " tag="588"><subfield code="a">Description based on: Vol. 4, no. 43 (Apr. 7, 1826).</subfield></datafield><datafield ind1=" " ind2="0" tag="651"><subfield code="a">Binghamton (N.Y.)</subfield><subfield code="v">Newspapers.</subfield></datafield><datafield ind1=" " ind2="0" tag="651"><subfield code="a">Broome County (N.Y.)</subfield><subfield code="v">Newspapers.</subfield></datafield><datafield ind1=" " ind2="7" tag="655"><subfield code="a">Newspapers.</subfield><subfield code="2">fast</subfield><subfield code="0">(OCoLC)fst01423814</subfield></datafield><datafield ind1=" " ind2="7" tag="651"><subfield code="a">New York (State)</subfield><subfield code="z">Binghamton.</subfield><subfield code="2">fast</subfield><subfield code="0">(OCoLC)fst01206763</subfield></datafield><datafield ind1=" " ind2="7" tag="651"><subfield code="a">New York (State)</subfield><subfield code="z">Broome County.</subfield><subfield code="2">fast</subfield><subfield code="0">(OCoLC)fst01233031</subfield></datafield><datafield ind1="1" ind2=" " tag="700"><subfield code="a">Morgan, Augustus,</subfield><subfield code="d">1783-1869.</subfield></datafield><datafield ind1="1" ind2=" " tag="700"><subfield code="a">Canoll, Abial C.</subfield></datafield><datafield ind1="1" ind2=" " tag="700"><subfield code="a">Evans, Edwin T.</subfield></datafield><datafield ind1="1" ind2=" " tag="700"><subfield code="a">Cooke, Benjamin T.</subfield></datafield><datafield ind1=" " ind2=" " tag="752"><subfield code="a">United States</subfield><subfield code="b">New York</subfield><subfield code="c">Broome</subfield><subfield code="d">Binghamton.</subfield></datafield><datafield ind1="1" ind2=" " tag="775"><subfield code="t">Binghamton daily Republican (Binghamton, N.Y. : 1849)</subfield><subfield code="w">(DLC)sn 83031036</subfield><subfield code="w">(OCoLC)9748690</subfield></datafield><datafield ind1="1" ind2="0" tag="780"><subfield code="t">Broome County Republican</subfield></datafield><datafield ind1="0" ind2="0" tag="785"><subfield code="t">Broome weekly Republican</subfield><subfield code="w">(DLC)sn 83031096</subfield><subfield code="w">(OCoLC)9776007</subfield></datafield></record>